2209 3784
231 196 280 299 e
696 214 1505 299 JUVENALIS

234 391 595 460 Posteritan
614 374 1178 489 ‘eadem'cupient.,
1220 389 1563 472 facientque
1590 391 1879 453 minores.

240 529 446 597 Omne
478 531 542 592 in
559 530 885 613 praecipiti
914 529 1134 592 vitium
1165 527 1349 591 stetit.
1401 530 1591 592 Utere
1625 528 1811 590 velis:

239 670 445 753 Totos
477 668 679 753 pande
707 667 887 731 smus.
932 668 1113 729 Dicas
1139 666 1278 729 heic
1307 665 1594 742 forman,
1656 667 1817 729 unde

213 808 560 895 -Ingenium
589 825 703 889 par
724 807 1062 871 materiae?
1121 807 1283 868 unde
1319 807 1422 869 illa
1455 808 1733 888 priorum
1752 840 1776 880 ,
1807 774 1812 779 ⁴

240 944 563 1025 Scribendi
596 946 1011 1027 quodcunque·
1033 946 1233 1008 animo
1254 922 1545 1031 flagrante
1576 942 1820 1018 liberet,

240 1076 657 1172 Simplicitas,
702 1082 871 1163 cujus
904 1105 1030 1145 non
1063 1084 1256 1146 audeo
1288 1084 1492 1147 dicere
1521 1088 1787 1146 neme1-'’

249 1224 421 1311 Quid
449 1221 648 1288 refert
678 1221 851 1283 diffie
873 1209 1160 1312 ‘ignoscat
1188 1221 1427 1285 Mutius
1446 1261 1467 1296 ‚
1529 1241 1605 1283 an
1638 1243 1764 1284 non
1782 1225 1808 1279 ἒ
1839 1280 1855 1293 ,

244 1363 419 1428 Pone
450 1360 872 1448 Tigellinum:
918 1362 1093 1424 taeda
1127 1361 1360 1426 lucebit
1401 1362 1465 1423 in
1506 1362 1647 1436 illa,

252 1500 398 1585 Qua
433 1500 655 1562 stantes
688 1500 904 1562 ardent
925 1537 946 1574 ,
991 1501 1093 1580 qui
1123 1499 1249 1563 fixo
1287 1480 1531 1587 gutture
1565 1500 1827 1571 fumant,

251 1636 339 1733 Et
367 1638 557 1701 latum
592 1639 790 1700 media
824 1639 1051 1702 sulcum
1085 1639 1346 1702 deducet
1371 1644 1589 1701 'arena-

258 1746 392 1862 Qui
427 1778 598 1839 dedit
634 1796 780 1861 ergo
815 1776 1009 1838 tribus
1042 1779 1273 1859 patruis
1308 1779 1581 1851 aconita,
1627 1773 1890 1838 vehatur

256 1912 592 1976 Penfilibus
619 1915 842 1997 plumis
865 1953 886 1990 ,
932 1932 1106 1995 atque
1137 1916 1308 1976 illinc
1336 1915 1624 1998 despiciet
1665 1935 1816 1976 nos:
1864 1942 1871 1949 ·

259 2050 410 2117 Cum
443 2051 651 2115 veniet
678 2068 934 2128 contra,
997 2053 1195 2138 digito
1232 2032 1550 2138 compesce
1582 2052 1907 2115 labellum:

257 2187 592 2277 Accusator
626 2192 747 2252 erit
767 2228 788 2265 ,
834 2191 938 2271 qui
969 2189 1231 2254 verbum
1261 2193 1489 2254 dixerit
1510 2230 1531 2269 ,
1574 2190 1683 2255 hic
1712 2191 1818 2254 est.

259 2330 518 2392 Secu‘rus
554 2328 703 2389 licet
731 2329 1002 2391 Aeneam
1024 2367 1045 2405 ‚
1089 2330 1485 2410 Rutilumque
1526 2328 1796 2392 ferocem
1907 2366 1912 2371 -

263 2464 666 2529 Committas:
713 2467 861 2528 nulli
895 2470 1097 2554 gravis
1133 2469 1215 2563 est
1248 2465 1559 2552 percussus
1592 2466 1908 2540 Achilles,

263 2602 393 2671 Aut
423 2606 683 2670 multum
718 2608 1010 2688 quaesitus
1043 2608 1234 2692 Hylas
1256 2645 1277 2683 ‚
1326 2628 1656 2688 urnamque
1693 2602 1953 2667 secutus.

262 2742 428 2808 Ense
458 2746 640 2809 velut'
660 2746 895 2820 stristo,
942 2747 1182 2826 quoties
1215 2745 1484 2808 Lucilius
1519 2703 1732 2807 ardens

265 2880 620 2956 Instemuit,
663 2881 847 2944 rubet
879 2885 1162 2960 auditor,
1208 2884 1302 2959 cui
1332 2883 1556 2969 frigida
1591 2902 1762 2946 mens
1795 2881 1879 2944 est

269 3017 641 3082 Criminibus
662 3057 684 3096 ‚
730 3022 913 3083 tacita
943 3020 1155 3085 sudant
1183 3023 1548 3105 praecordia
1579 3023 1774 3106 culpa.

269 3156 424 3220 Inde
453 3159 603 3233 irae,
648 3157 712 3222 &
740 3160 1066 3277 lacrymae.
1115 3161 1353 3225 Tecum
1372 3163 1552 3245 prius·
1574 3181 1720 3246 ergo
1755 3159 1965 3222 voluta

263 3294 460 3371 Haec,
506 3294 713 3360 animo
747 3315 886 3360 ante
920 3297 1131 3360 tubas:
1177 3300 1480 3415 galeatum.
1513 3297 1649 3361 fero
1695 3292 1880 3357 duelli
