2209 3784
218 207 342 276 218
544 187 1696 272 SULPICIABSAT.

217 370 427 433 Turba
462 372 666 455 rigens
705 369 914 429 striffls
946 389 1058 451 per
1088 369 1251 430 lutea
1298 341 1558 451 corpora
1594 370 1750 430 telis.

215 511 323 572 Ast
353 479 459 570 ubi
488 530 627 590 apes
660 507 865 568 secura
898 510 1097 583 redit,
1146 508 1340 570 oblita
1375 509 1659 572 favorum

219 647 397 709 Plebs·
419 685 440 720 ,
486 665 795 726 materque
832 668 948 712 una
980 646 1193 718 somno
1231 650 1582 718 moriunsur
1616 645 1826 707 obeso·

218 786 685 846 Romulidarum
718 786 903 867 igitur
933 785 1116 870 longa
1147 784 1209 847 &
1235 788 1460 870 gravis,
1508 787 1808 859 exitium,
1855 806 2005 866 pax.

304 924 441 986 Hoc
471 921 690 983 fabella
720 899 906 984 medo
937 922 1180 1005 pausam
1216 921 1383 984 facit.
1477 921 1728 1004 Optima
1748 921 2009 1004 posthac

224 1059 397 1124 Musa
434 1062 619 1123 velim
648 1082 893 1124 moneas
917 1099 937 1134 ,
985 1061 1104 1122 fine
1139 1083 1250 1150 qua
1278 1061 1432 1123 mihi
1468 1062 1626 1124 nulla
1656 1062 1966 1143 voluptas·

198 1201 488 1276 ⁸Vivere,
511 1171 626 1261 ’uti
659 1200 961 1277 quondam
999 1200 1202 1282 Lydus
1241 1200 1383 1260 dum
1411 1184 1684 1282 Smyrna.
1713 1200 2004 1280 peribat,

222 1338 407 1404 Nunc
439 1339 658 1400 itidem
685 1339 947 1422 migrare
980 1338 1190 1400 velint.
1237 1337 1358 1404 Vel
1395 1338 1656 1418 denique
1690 1339 1961 1417 quidvis,

224 1479 314 1540 Ut
352 1479 499 1551 dea,
546 1495 762 1561 quaere
796 1476 975 1542 aliud.
1069 1476 1341 1540 Tantum
1375 1479 1651 1540 Romana
1688 1474 1916 1538 Galerio

227 1616 510 1691 Moenia,
553 1613 854 1711 jucuudos
889 1618 1237 1700 pariterque
1274 1633 1480 1678 averte
1514 1617 1793 1676 Sabinos.

226 1757 388 1818 Haec
420 1776 558 1840 ego.
649 1755 813 1816 Tum
846 1756 1054 1839 paucis
1092 1756 1204 1816 dea
1235 1757 1333 1815 me
1368 1745 1675 1839 dignarier
1712 1756 1881 1816 infit:

219 1855 389 1957 i'one
424 1847 618 1954 metus
651 1914 870 1973 aequos
891 1930 913 1964 ‚
961 1893 1183 1952 cultrix
1215 1914 1368 1955 mea.
1458 1895 1703 1954 Summa
1735 1912 2004 1975 tyranno

223 2032 387 2092 Haec
421 2029 640 2091 instant
667 2030 852 2101 odia,
893 2027 962 2091 ἂ
999 2029 1204 2090 nostro
1237 2032 1539 2113 periturus
1567 2031 1804 2095 honore
1838 2034 1943 2093 est.

225 2167 384 2268 Nam
418 2169 647 2230 laureta
680 2165 944 2242 Numae,
988 2165 1305 2249 fontesque
1340 2168 1690 2233 habitamus
1726 2171 2001 2242 eosdem,

224 2303 306 2367 Et
342 2306 568 2366 comite
599 2301 822 2388 Egeria
856 2306 1127 2367 ridemus
1156 2308 1357 2367 inania
1390 2325 1627 2390 coepta.

228 2443 409 2518 Vive,
441 2423 600 2516 vale,
632 2460 837 2506 manet
856 2442 1018 2505 hunc
1050 2443 1379 2528 pulchrum
1400 2445 1500 2506 sua
1520 2445 1677 2509 fama
1698 2449 2006 2514 dolorem.

149 2589 158 2600 “
226 2545 534 2644 Musarum
566 2582 829 2665 spondet
865 2582 1086 2646 chorus
1107 2621 1128 2658 ‚
1178 2584 1240 2647 &
1272 2576 1583 2646 Romanus
1617 2587 1870 2670 Apollo-

946 2752 959 2786 φ

783 2967 1484 2996 m-——a—
