2209 3784
575 208 627 269 S
659 206 718 269 A
761 206 823 268 T
866 208 916 268 Y
957 206 1018 269 R
1060 207 1120 270 A
1203 208 1343 300 XV.
1733 220 1851 290 175

22 329 25 416 ὲ
85 388 137 451 A
165 405 352 474 grege
381 357 688 443 mutorum
707 418 726 454 ‚
772 397 947 460 atque
979 382 1120 443 ideo
1152 379 1497 443 venerabile
1528 379 1639 441 soli

86 525 302 590 Sortiti
332 522 645 605 ingenium
663 556 685 595 ‚
731 521 1197 600 divinorumque
1236 541 1485 602 capaces
1506 560 1529 597 ‚

85 664 290 744 Atque
326 660 680 732 exercendis
706 658 1127 742 capiendisque
1157 660 1386 723 artibus
1416 664 1563 745 apti.

89 801 346 867 Sensum
381 820 414 861 a
449 798 689 864 coelesti
722 796 1034 861 demiffum
1069 801 1566 875 traximus‘arce‚

94 942 285 1021 Cujus
321 955 499 1034 egent
526 959 722 1022 prona
759 938 822 1002 &
854 955 1076 1003 terram
1105 938 1450 1022 spestantia.
1495 938 1721 1001 Mundi

22 1041 23 1046 ἵ
95 1081 415 1163 Principio
447 1078 686 1158 indulfit
724 1079 1060 1139 communis
1090 1079 1381 1142 conditor
1414 1080 1529 1140 illis

96 1216 826 1290 Tantumanimas‚nobis
844 1219 1115 1278 animum
1132 1237 1395 1298 quoque,
1414 1234 1653 1310 mutuus
1674 1231 1741 1277 ut
1759 1236 1871 1304 nos

97 1357 388 1421 Adfestus
417 1370 630 1438 petere
662 1355 952 1416 auxili-um
989 1354 1052 1418 &
1084 1358 1385 1439 praestare
1412 1356 1683 1437 juberet,

98 1495 422 1580 Dispersos
460 1491 701 1556 trahere
734 1496 797 1556 in
831 1495 1131 1577 populum
1152 1532 1173 1567 ,
1220 1497 1479 1580 migrare
1515 1494 1750 1559 vetusto

99 1639 198 1699 De
228 1617 520 1707 nemore,
569 1630 631 1695 &
658 1636 903 1716 proavis
952 1611 1249 1698 habitatas
1282 1634 1554 1718 linguere
1588 1635 1751 1696 filvas
1773 1652 1818 1738 2⁸

104 1774 451 1838 Aedificare
486 1773 741 1848 domos,
787 1770 1040 1858 Laribus
1075 1772 1446 1858 conjungere
1477 1773 1695 1840 nostris
1813 1743 1820 1752 ι

24 1947 25 1960 1
106 1905 370 1975 TePtum
405 1909 565 1971 aliud
588 1948 609 1983 ‚
656 1925 822 1971 tutos
850 1911 1052 1984 ‚vicino
1079 1912 1273 1974 limite
1306 1899 1550 1973 somnos

107 2053 201 2115 Ut
232 2051 452 2145 colla-ta
488 2051 656 2111 daret
686 2048 941 2110 fiducia:
988 2066 1318 2137 protegere
1367 2052 1551 2146 armis

110 2188 376 2275 Lapsum
396 2226 418 2265 ‚
463 2205 564 2250 aut
592 2190 825 2274 ingenti
857 2204 1175 2250 nutantem
1210 2190 1461 2251 vulnere
1500 2190 1722 2262 civem,

116 2328 444 2394 Communi
472 2327 614 2389 dare
644 2327 804 2412 signa
836 2326 981 2390 tuba
1000 2364 1020 2402 ‚
1070 2325 1389 2392 defendier
1420 2327 1615 2390 Isdem

118 2465 425 2531 Turribus
446 2502 468 2541 ‚
515 2482 690 2546 atque
723 2487 840 2528 una
869 2469 1190 2549 portarum
1225 2467 1389 2530 clave
1418 2467 1634 2529 teneri.

30 2613 31 2616 ’
122 2607 246 2670 Sed
273 2604 399 2684 jam
436 2602 783 2687 serpentum
814 2604 1010 2683 major
1044 2601 1408 2666 concordia:
1468 2603 1666 2686 parcit
1695 2599 1707 2607 ’
1761 2625 1770 2633 ·

124 2743 421 2829 Cognatis
441 2745 688 2805 maculis
725 2745 926 2806 similis
957 2742 1110 2808 fera.
1160 2743 1425 2826 Quando
1460 2741 1652 2814 leoni,

125 2883 385 2947 Fortior
418 2883 647 2964 eripuit
673 2857 866 2946 vitain
895 2884 1034 2945 leo?
1082 2902 1201 2962 quo
1237 2863 1787 2958 nemore'unquam

128 3019 486 3104 Exspiravit
513 3041 660 3103 aper
688 3020 938 3100 majoris
976 3014 1259 3083 dentibus
1295 3021 1465 3101 apri?

134 3161 350 3233 Indica
384 3159 562 3245 tigris
594 3161 722 3244 agit
751 3159 961 3223 rabida
989 3182 1125 3222 cum
1160 3159 1385 3244 tigride
1412 3177 1630 3240 pacem
1680 3177 1686 3190 ·

133 3299 549 3384 Perpetuam:
595 3297 786 3364 saevis
824 3301 990 3363 inter
1019 3298 1082 3363 se
1121 3299 1408 3363 convenit
1457 3298 1625 3363 ursis.
