2209 3784
685 207 1957 293 sATYRAV1.213

144 383 204 448 Ο
244 386 441 459 bone,
471 405 618 445 num
655 379 938 469 ignoras.
920 392 943 427 ²
989 383 1159 445 missa
1191 381 1274 447 est
1306 405 1339 446 a
1378 333 1625 446 Caesare
1656 384 1856 446 laurus

144 523 454 608 Infignem
492 523 573 583 ob
609 523 841 583 cladem
885 524 1226 586 Germanae
1265 523 1440 605 pubis
1464 561 1484 596 ‚
1534 520 1597 585 &
1627 524 1742 583 aris

145 660 442 747 Frigidus
483 662 787 725 excutitur
825 662 1016 724 cinis:
1066 680 1135 723 ac
1166 660 1292 739 jam
1321 661 1595 743 postibus
1627 671 1830 736 arma,

150 801 292 881 Jam
329 799 682 885 chlamydes
718 820 932 884 regum
954 837 975 874 ,
1019 799 1144 878 jam
1177 800 1340 862 lutea
1375 800 1630 885 gausapa
1664 798 1881 881 captis,

38 930 45 936 ’
142 936 485 1019 Effedaque
506 976 528 1012 ,
574 938 967 1024 ingentesque
999 939 1164 1000 locat
1201 936 1489 1000 Caesonia
1518 936 1807 999 Rhenos·

141 1079 285 1139 Diis
323 1079 555 1161 igitur,
601 1076 897 1161 genioque
936 1078 1106 1137 ducis
1137 1092 1380 1136 centum
1415 1073 1628 1156 paria,
1677 1071 1759 1138 ob
1798 1095 1894 1137 res

145 1213 423 1300 Egregie
451 1216 639 1301 gestas
663 1254 683 1289 ‚
728 1214 990 1277 induco·
1039 1216 1171 1294 quis
1205 1221 1415 1276 vetat⁷
1461 1213 1637 1275 aude.

142 1353 286 1422 Vae
307 1391 328 1426 ‚
373 1354 483 1415 nist
515 1354 838 1415 connives:
900 1356 1102 1415 oleum
1123 1392 1144 1429 ,
1192 1351 1608 1432 'artocreasque
1639 1352 1893 1433 popello
1929 1335 1942 1344 ⁸

142 1491 443 1580 Largior:
490 1511 565 1552 an
596 1490 930 1574 prohibes?
980 1494 1076 1553 dic
1098 1492 1293 1556 clare:
1340 1490 1487 1551 Non
1508 1490 1686 1563 adeo,
1708 1489 1935 1572 inquis,
2049 1531 2062 1538 =

145 1627 470 1692 Exossatus
500 1648 644 1714 ager
671 1629 842 1708 juxta
879 1632 981 1693 est.
1071 1628 1205 1713 Age
1228 1665 1248 1701 ,
1295 1629 1336 1690 fi
1365 1626 1520 1688 mihi
1556 1627 1718 1689 nulla
1774 1659 1780 1672 ·

144 1769 282 1849 Jam
316 1766 544 1847 reliqua
577 1790 653 1829 ex
686 1745 907 1846 amitis{
946 1749 1238 1853 patruelis
1271 1766 1459 1842 nulla,
1492 1768 1815 1850 proneptis

143 1903 335 1968 Nulla
372 1871 578 1969 ruanet
607 1905 854 1989 patrui,
900 1908 1119 1970 sterilis
1148 1921 1475 1968 matertera
1512 1905 1690 1990 vixit,

136 2037 363 2128 Deque
392 2047 524 2109 avia
551 2045 810 2107 nihilum
854 2046 1148 2129 superest}
1197 2047 1419 2107 accedo
1453 2043 1747 2117 Bovillas,

142 2181 502 2263 Clivumque
537 2185 613 2246 ad
634 2184 828 2250 Virbl
848 2206 865 2246 :
912 2185 1149 2267 praesto
1185 2184 1268 2245 est
1287 2180 1437 2244 mihi
1457 2180 1704 2248 Manius
1725 2180 1926 2241 heres·

142 2320 481 2405 Progenies
520 2331 756 2384 terrae?
805 2343 1022 2401 quaere
1057 2343 1136 2384 ex
1165 2343 1290 2396 me,
1338 2322 1469 2401 quis
1499 2318 1655 2381 mihi
1687 2307 1966 2399 quartus'

142 2460 240 2522 Sit
256 2474 475 2543 paterz
528 2457 692 2530 haud
705 2477 1023 2544 prompte,
1070 2461 1265 2522 dicam
1298 2477 1527 2534 tamen,
1572 2459 1727 2522 adde
1743 2458 1928 2522 etiam

1236 2620 1451 2672 unum,

140 2737 354 2799 Unum
383 2737 614 2813 etiam,
662 2755 859 2802 terrae
892 2735 976 2800 est
1004 2736 1130 2815 jam
1165 2737 1356 2798 filius:
1407 2732 1470 2797 &
1503 2735 1656 2808 mihi
1692 2727 1814 2798 ritu

142 2873 394 2937 Manius
422 2874 529 2936 hic
562 2879 809 2968 generis
843 2897 1043 2960 prope
1080 2873 1281 2953 major
1317 2874 1644 2937 avunculus
1695 2876 1845 2936 exit.

139 3015 277 3098 Qui
308 3019 484 3098 prior
520 3037 621 3090 es,
671 3036 775 3076 cur
804 3017 995 3079 meda
1029 3013 1278 3076 decursu
1310 3015 1587 3096 lampada
1617 3011 1869 3095 poscas‘ss

144 3153 291 3214 Sum
328 3153 443 3214 tibi
475 3152 861 3218 Mercurius:
908 3157 1096 3219 venio
1133 3156 1280 3214 deus
1319 3151 1442 3215 huc
1478 3172 1594 3239 ego
1617 3189 1638 3228 ,
1684 3168 1753 3214 ut
1785 3152 1893 3215 ille
1925 3131 1930 3138 ’

140 3291 465 3378 Pingitur:
511 3312 586 3355 an
616 3296 863 3400 renluis?
910 3295 1033 3357 vin‘
1065 3310 1132 3354 tu
1160 3294 1425 3378 gaudere
1457 3292 1721 3354 reliftis3

931 3409 1042 3506 'xo
1093 3443 1214 3522 3²
